<?xml version="1.0" encoding="UTF-8"?><collection xmlns="http://www.loc.gov/MARC21/slim"><record><leader>00384nam--2200133-i-4500</leader><controlfield tag="001">000028180</controlfield><controlfield tag="002">20161230</controlfield><controlfield tag="005">20161230201037</controlfield><controlfield tag="008">060222s1000------------r-----000-0-eng-d</controlfield><datafield ind1=" " ind2=" " tag="080"><subfield code="a">621.9(075.8)</subfield></datafield><datafield ind1=" " ind2=" " tag="100"><subfield code="a">Lazar, D.. Paizi, Gh. Si Stere N</subfield></datafield><datafield ind1=" " ind2=" " tag="245"><subfield code="a">Organe de masini si mecanisme. manual pt.subingineri</subfield></datafield><datafield ind1=" " ind2=" " tag="260"><subfield code="a">Bucuresti, Ed.Didactica Si Pedagogica, 1977. 571p</subfield></datafield><datafield ind1=" " ind2=" " tag="852"><subfield code="a">44697</subfield></datafield></record></collection>